@book{hastings:philosophy-religion,
  editor    = {Hastings, James},
  title     = {Encyclopedia of Philosophy and Religion},
  publisher = {Charles Scribner's Sons},
  year      = {1917},
  location  = {New York}
}

@book{deropp:drugs-mind,
  author    = {de Ropp, Robert S.},
  title     = {Drugs and the Mind},
  publisher = {St. Martin's Press},
  year      = {1957},
  location  = {New York}
}

@article{wasson:magic-mushroom,
  author       = {Wasson, Gordon R.},
  title        = {Seeking the Magic Mushroom},
  journaltitle = {Life},
  date         = {1957},
  location     = {New York}
}

@book{puharich:sacred-mushroom,
  author    = {Puharich, Andrija},
  title     = {The Sacred Mushroom: Key to the Door of Eternity},
  publisher = {Doubleday \& Company, Inc.},
  year      = {1959},
  location  = {New York}
}

@book{hesiod:homeric-hymns,
  translator = {Evelyn-White, Hugh G.},
  title      = {Hesiod: the Homeric Hymns, and Homerica},
  publisher  = {G. P. Putnam's Sons},
  year       = {1920},
  location   = {New York}
}

@book{britannica:encyclopedia,
  title     = {Encyclopedia Britannica},
  volume    = {{16, 18, 21}},
  publisher = {Encyclopedia Britannica, Inc.},
  year      = {1951},
  location  = {Chicago}
}

@book{vyasa:bhagavad-gita,
  author     = {Vyāsa},
  translator = {Prabhavananda, Swami and Isherwood, Christopher},
  title      = {The Song of God: Bhagavad-Gītā},
  publisher  = {New American Library},
  year       = {1951},
  location   = {New York}
}

@book{heinrich:philosophies-india,
  author     = {Heinrich, Zimmer R.},
  title      = {Philosophies of India},
  publisher  = {Meridian Books},
  year       = {1956},
  location   = {New York}
}

@book{noss:mans-religions,
  author     = {Noss, John B.},
  title      = {Man's Religions},
  publisher  = {Macmillan Press},
  year       = {1949},
  location   = {New York}
}

@book{keynes:william-blake,
  editor     = {Keynes, Geoffrey W.},
  title      = {Poetry and Prose of William Blake},
  publisher  = {Nonesuch Press},
  year       = {1948},
  location   = {London}
}

@book{lawrence:first-lady-chatterly,
  author     = {Lawrence, D. H.},
  title      = {The First Lady Chatterley},
  publisher  = {Avon Publications, Inc.},
  year       = {1954},
  location   = {New York}
}

@book{leuba:god-or-man,
  author     = {Leuba, James H.},
  title      = {God or Man? A Study of the Value of God to Man},
  publisher  = {Henry Holt \& Co.},
  year       = {1933},
  location   = {New York}
}

@book{cheney:walked-with-god,
  author     = {Cheney, Sheldon},
  title      = {Men Who Have Walked With God},
  publisher  = {Knopf, Alfred A.},
  year       = {1956},
  location   = {New York}
}

@book{underhill:mysticism,
  author     = {Underhill, Evelyn},
  title      = {Mysticism: A Study in the Nature and Development of Man's Spiritual Consciousness},
  publisher  = {Meridian Books},
  year       = {1956},
  location   = {New York}
}

@book{browne:great-scriptures,
  author     = {Browne, Lewis},
  title      = {The World's Great Scriptures},
  publisher  = {The Macmillan Co.},
  year       = {1946},
  location   = {New York}
}

@book{turnbull:essence-of-plotinus,
  author     = {Turnbull, Grace},
  title      = {The Essence of Plotinus},
  publisher  = {Oxford University Press},
  year       = {1934},
  location   = {New York}
}

@book{kazin:portable-blake,
  author     = {Kazin, Alfred},
  title      = {The Portable Blake},
  publisher  = {Viking Press},
  year       = {1946},
  location   = {New York}
}

@book{boring:experimental-psychology,
  author     = {Boring, Edwin G.},
  title      = {A History of Experimental Psychology},
  publisher  = {The Century Co.},
  year       = {1929},
  location   = {New York}
}

@book{hayakawa:language-meaning-maturity,
  author     = {Hayakawa, S. I.},
  title      = {Language, Meaning and Maturity},
  publisher  = {Harper \& Brothers},
  year       = {1954},
  location   = {New York}
}

@book{ghiselin:creative-process,
  author    = {Ghiselin, Brewster},
  title     = {The Creative Process},
  publisher = {New American Library},
  year      = {1955},
  location  = {New York}
}

@book{maslow:motivation-personality,
  author    = {Maslow, Abraham H.},
  title     = {Motivation and Personality},
  publisher = {Harcourt, Brace \& Co.},
  year      = {1954},
  location  = {New York}
}

@book{oxford:the-monist,
  title     = {The Monist},
  publisher = {Oxford University Press},
  month     = {7},
  year      = {1901},
  location  = {Oxford, England}
}

@book{whitehead:modes-of-thought,
  author    = {Whitehead, Alfred N.},
  title     = {Modes of Thought},
  publisher = {Macmillan Press},
  year      = {1938},
  location  = {New York}
}

@book{huxley:doors-of-perception,
  author    = {Huxley, Aldous},
  title     = {The Doors of Perception},
  publisher = {Harper \& Brothers},
  year      = {1954},
  location  = {New York}
}

@book{butterworth:blake-mystic,
  author    = {Butterworth, Adeline M.},
  title     = {William Blake, Mystic: A Study},
  publisher = {Liverpool Booksellers Co.},
  year      = {1911},
  location  = {Liverpool}
}

@unpublished{gardner:vision-and-vesture,
  author = {Gardner, C.},
  title  = {Vision and Vesture},
  year   = {1929}
}

@book{de-selincourt:william-blake,
  author    = {De Selincourt, Basil},
  title     = {William Blake},
  publisher = {Charles Scribner's Sons},
  year      = {1909},
  location  = {London}
}

@book{ellis:real-blake,
  author    = {Ellis, Edwin J.},
  title     = {The Real Blake},
  publisher = {McClure Philips and Co.},
  year      = {1906},
  location  = {London}
}

@book{blake:heaven-and-hell,
  author    = {Blake, William},
  title     = {The Marriage of Heaven and Hell},
  publisher = {Chatto \& Windus},
  year      = {1911},
  location  = {London}
}

@article{green:blake-prophet,
  author   = {Green, Julien},
  title    = {William Blake, Prophet},
  journal  = {The Virginia Quarterly Review},
  volume   = {5},
  number   = {2},
  year     = {1929},
  month    = {4},
  location = {Charlottesville, Virginia}
}

@article{schorer:cosmic-nadir,
  author    = {Schorer, Mark},
  title     = {William Blake and the Cosmic Nadir},
  journal   = {The Sewanee Review},
  publisher = {The Johns Hopkins University Press},
  volume    = {43},
  number    = {2},
  year      = {1935},
  month     = {4},
  location  = {Sewanee, Tennessee}
}

@book{cambridge:english-literature,
  editor    = {Waller, A. R. and Ward, A. W.},
  title     = {The Cambridge History of English Literature},
  publisher = {Cambridge University Press},
  year      = {1914},
  location  = {Cambridge}
}

@article{schorer:blake-poet,
  author    = {Schorer, Mark},
  title     = {Blake as a Religious Poet},
  journal   = {The Sewanee Review},
  volume    = {54},
  number    = {2},
  pages     = {241--249},
  year      = {1946},
  month     = {4},
  publisher = {The Johns Hopkins University Press}
}

@thesis{prince:conception-of-blake,
  author      = {Prince, William B. and Norman, Nathan},
  title       = {The Philosophical Conception of William Blake},
  type        = {PhD Dissertation},
  institution = {New York University},
  location    = {New York},
  year        = {1949}
}

@book{wilson:the-outsider,
  author    = {Wilson, Colin},
  title     = {The Outsider},
  publisher = {Houghton Mifflin Co.},
  year      = {1956},
  location  = {London}
}

@book{goddard:fourfold-vision,
  author    = {Goddard, Harold C.},
  title     = {Blake's Fourfold Vision},
  publisher = {Pendle Hill},
  year      = {1956},
  location  = {Wallingford, Pennsylvania}
}

@thesis{estenson:swedenborg-and-blake,
  author      = {Estenson, L. O.},
  title       = {Swedenborg and Blake},
  type        = {PhD Dissertation},
  institution = {University of Iowa},
  location    = {Iowa},
  year        = {1942}
}

@article{alper:blake-mysticism,
  author  = {Alper, Benedict S.},
  title   = {The Mysticism of William Blake: A Psychological Re-examination},
  journal = {Poet Lore},
  volume  = {44},
  year    = {1938}
}

@book{seligman:social-sciences,
  title        = {Encyclopedia of the Social Sciences},
  editor       = {Seligman, Edwin R. A. and Johnson, Alvin},
  year         = {1933},
  publisher    = {The Macmillan Co.},
  address      = {New York}
}

@article{esther:religious-sublimation,
  author  = {Esther, Casier},
  title   = {William Blake: A Study in Religious Sublimation},
  journal = {Catholic World},
  volume  = {169},
  year    = {1946}
}

@book{binyon:engraved-designs,
  author    = {Binyon, Lawrence},
  publisher = {Charles Scribner's Sons},
  title     = {Engraved Designs of William Blake},
  year      = {1928},
  location  = {New York}
}

@book{bronowski:without-a-mask,
  author    = {Bronowski, Jacob},
  publisher = {Transatlantic Arts, Inc.},
  title     = {Man Without a Mask},
  year      = {1944},
  location  = {New York}
}

@book{bruce:blake-in-this-world,
  author = {Bruce, Harold L.},
  publisher = {Brace \& Co., Inc.},
  title = {William Blake in This World},
  year = {1925},
  location = {New York}
}

@article{friedlander:notes-on-blake,
  author = {Friedlander, W.},
  journal = {Art News},
  title = {Notes on the Art of William Blake: A Romantic Mystic Completely Exhibited in Philadelphia},
  volume = {37},
  year = {1939}
}

@book{frye:fearful-symmetry,
  author = {Frye, Northrop},
  publisher = {Princeton University Press},
  title = {Fearful Symmetry: A Study of William Blake},
  year = {1947}
}

@book{gilchrist:life-of-blake,
  author = {Gilchrist, A.},
  publisher = {Dodd, Mead, \& Co.},
  title = {Life of William Blake},
  year = {1922},
  location = {New York}
}

@article{gleokner:blakes-religion,
  author = {Gleokner, R. F.},
  journal = {Journal of Aesthetics},
  title = {Blakes Religion of Imagination},
  volume = {14},
  year = {1956}
}

@book{plowman:study-of-blake,
  author = {Plowman, Max},
  publisher = {E. P. Dutton \& Co., Inc.},
  title = {Introduction to the Study of Blake},
  year = {1927}
}

@book{wilson:life-of-blake,
  author = {Wilson, Monda},
  publisher = {Random House, Inc.},
  title = {Life of William Blake},
  year = {1927},
  location = {New York}
}

@article{anonymous:britians-only-mystic,
  author = {Anonymous},
  journal = {Art Digest},
  title = {America Pays Homage to Britain's Only Mystic},
  volume = {13},
  number = {12},
  year = {1939}
}

@article{ruthven:companions-in-mystery,
  author = {Ruthven, Todd},
  journal = {Art News},
  number = {52},
  title = {Fuseli and Blake: Companions in Mystery},
  volume = {26},
  year = {1954}
}

@book{boss:sexual-perversions,
  author = {Boss, Medard},
  publisher = {Grune and Stratton, Inc.},
  title = {meaning and Content of Sexual Perversions: A Daseing-Analytic Approach to the Psychopathology of the Phenomenon of Love},
  year = {1950},
  location = {New York}
}

@book{dreikurs:alderian-psychology,
  author = {Dreikurs, Rudolf},
  publisher = {Greenberg},
  title = {Fundamentals of Alderian Psychology},
  year = {1950}
}

@book{moch:depression,
  editor = {Moch, Paul H. and Zubin, Joseph},
  publisher = {Grune and Stratton, Inc.},
  title = {Depression},
  location = {New York},
  year = {1954}
}

@book{perls:gestalt-therapy,
  author = {Perls, F. S.},
  publisher = {Messner},
  title = {Gestalt Therapy},
  location = {New York},
  year = {1951}
}

@book{rank:birth-of-the-hero,
  author = {Rank, Otto},
  translator = {Robbins, F.},
  publisher = {Robert Brunner},
  title = {Myth of the Birth of the Hero: A Psychological Interpretation of Mythology},
  location = {New York},
  year = {1952}
}

@book{rogers:client-centered-therapy,
  author = {Rogers, Carl R.},
  publisher = {Houghton Mifflin Co.},
  title = {Client-Centered Therapy: Its Current Practice, Implications and Theory},
  location = {Boston},
  year = {1951}
}

@book{way:alders-psychology,
  author = {Way, L. M.},
  publisher = {Macmillan},
  title = {Alder's Place in Psychology},
  year = {1959}
}

@book{wittcutt:blake-psychological-study,
  author = {Wittcutt, W. P.},
  publisher = {Hollis \& Carter, LTD.},
  title = {Blake: A Psychological Study},
  year = {1946},
  location = {London}
}

@book{wickes:inner-world-of-man,
  author = {Wickes, Frances G.},
  publisher = {Henry Holt \& Co., Inc.},
  title = {Inner World of Man: With Psychological Drawings and Paintings},
  year = {1948},
  location = {New York}
}

@book{rowland:architecture-of-india,
  author = {Rowland, Benjamin},
  publisher = {Penguin Books},
  title = {The Art and Architecture of India: Buddhist, Hindu, Jain},
  year = {1953},
  location = {Baltimore}
}

@book{schweitzer:indian-thought,
  author = {Schweitzer, Albert},
  publisher = {Beacon Press},
  title = {Indian Though and its Development},
  year = {1957}
}

@book{vivekananda:raja-yoga,
  author = {Vivekananda, Swami},
  publisher = {Ramakrishna-Vivekananda Center},
  title = {Raja-Yoga},
  location = {New York}
}

@article{graves:food-of-the-gods,
  author = {Graves, R.},
  journal = {Atlantic},
  title = {Mushrooms, Food of the Gods},
  volume = {200},
  year = {1957}
}

@article{wasson:ate-sacred-mushrooms,
  author = {Wasson, Valentina P.},
  journal = {This Week},
  title = {I Ate the Sacred Mushrooms},
  year = {1957}
}

@book{huxley:heaven-and-hell,
  author = {Huxley, Aldous},
  publisher = {Harper Brothers},
  title = {Heaven and Hell},
  year = {1958},
  location = {New York}
}

@book{inge:christian-mysticism,
  author = {Inge, William R.},
  publisher = {Charles Scribner's Sons},
  title = {Christian Mysticism}
}

@book{jones:flowering-of-mysticism,
  author = {Jones, Rufus M.},
  publisher = {Macmillan},
  title = {Flowering of Mysticism},
  year = {1939},
  location = {New York}
}

@book{unamuno:generation-of-1898,
  author = {Unamuno, A. and Ortego y Gasset},
  title = {The Generation of 1898}
}

@book{vaughan:with-the-mystics,
  author = {Vaughan, R. A.},
  title = {Hours With the Mystics}
}

@article{huxley:drugs-shape-minds,
  author = {Huxley, Aldous},
  journal = {The Saturday Evening Post},
  title = {Drugs That Shape Men's Minds},
  year = {1958}
}